@misc{SalesforceSalesCloud2025,
  author = {Salesforce},
  title = {Sales Cloud: Drive Growth with the Sales CRM},
  year = {2025},
  url = {https://www.salesforce.com/au/sales/cloud/},
  note = {Accessed: 2025-06-21}
}

@misc{SalesforceRevenueCloud2024,
  author = {Salesforce},
  title = {Revenue Cloud: Streamline Revenue Processes},
  year = {2024},
  url = {https://help.salesforce.com/s/articleView?id=ind.revenue_lifecycle_management.htm&type=5},
  note = {Accessed: 2025-06-21}
}

@misc{SalesforceEinstein2025,
  author = {Salesforce},
  title = {Einstein AI: Power Your CRM with Artificial Intelligence},
  year = {2024},
  url = {https://demandblue.com/salesforce-einstein-ai-platform/},
  note = {Accessed: 2025-06-21}
}

@misc{SalesforceImplementationGuide2024,
  author = {Salesforce},
  title = {Salesforce Implementation Guide: Best Practices},
  year = {2024},
  url = {https://www.salesforce.com/resources/guides/implementation-guide/},
  note = {Accessed: 2025-06-21}
}

@misc{SalesforceDataManagement2024,
  author = {Salesforce},
  title = {Data Management Best Practices for Salesforce CRM},
  year = {2025},
  url = {https://help.salesforce.com/s/articleView?id=000393223&type=1},
  note = {Accessed: 2025-06-21}
}

@misc{SalesforceMarketingCloud2025,
  author = {Salesforce},
  title = {Marketing Cloud},
  year = {2025},
  url = {https://www.salesforce.com/marketing/},
  note = {Accessed: 2025-06-21}
}

@misc{SalesforcePricing2024,
  author = {Salesforce},
  title = {Salesforce Pricing Overview},
  year = {2024},
  url = {https://www.salesforce.com/pricing/},
  note = {Accessed: 2025-06-21}
}

@misc{SalesforceServiceCloud2025,
  author = {Salesforce},
  title = {Let Your Customers Expect Exceptional Service with Service Cloud},
  year = {2023},
  url = {https://www.salesforce.com/au/hub/service/exceptional-service-from-salesforce-service-cloud/},
  note = {Accessed: 2025-06-21}
}

@misc{SalesforceCustomerSuccess2024,
  author = {Salesforce},
  title = {Customer Success Metrics with Salesforce CRM},
  year = {2024},
  url = {https://www.salesforce.com/resources/articles/customer-success-metrics/},
  note = {Accessed: 2025-06-21}
}

@misc{SalesforceSecurity2025,
  author = {Salesforce},
  title = {Salesforce Security and Privacy Overview},
  year = {2025},
  url = {https://www.salesforce.com/products/platform/security/},
  note = {Accessed: 2025-06-21}
}

@misc{SalesforceDataCloud2025,
  author = {Salesforce},
  title = {Data Cloud},
  year = {2025},
  url = {https://www.salesforce.com/data/},
  note = {Accessed: 2025-06-21}
}

@misc{SalesforceTableau2025,
  author = {Tableau},
  title = {Tableau Cloud},
  year = {2025},
  url = {https://www.tableau.com/products/cloud-bi},
  note = {Accessed: 2025-06-21}
}