% introduce
@article{Sharma2023CustomerRelationship,
  author = {Sharma, Sanjay and others},
  title = {Customer Relationship Management in Tourism: A Literature Review},
  journal = {International Journal of Management and Social Science Research Review},
  volume = {10},
  number = {16},
  pages = {152--158},
  year = {2023},
  url = {https://www.researchgate.net/publication/382599326}
}
@article{So2023ServiceQuality,
  author = {So, Kevin Kam Fung and others},
  title = {Service Quality and Customer Satisfaction in Hospitality, Leisure, Sport and Tourism},
  journal = {Journal of Hospitality and Tourism Management},
  volume = {50},
  pages = {123--134},
  year = {2023},
  doi = {10.1016/j.jhtm.2023.01.005},
  url = {https://doi.org/10.1016/j.jhtm.2023.01.005}
}
@article{Chen2023CustomerEngagement,
  author = {Chen, Lei and others},
  title = {Customer Engagement and Retention in the Tourism Industry: A Social Media Perspective},
  journal = {Tourism Management Perspectives},
  volume = {46},
  pages = {101--112},
  year = {2023},
  doi = {10.1016/j.tmp.2023.101112},
  url = {https://doi.org/10.1016/j.tmp.2023.101112}
}
@article{Kim2023LoyaltyPrograms,
  author = {Kim, Jin and others},
  title = {The Role of Loyalty Programs in Boosting Hotel Guest Loyalty: Impact of Switching Barriers},
  journal = {Journal of Hospitality and Tourism Management},
  volume = {54},
  pages = {123--135},
  year = {2023},
  doi = {10.1016/j.jhtm.2022.12.005},
  url = {https://doi.org/10.1016/j.jhtm.2022.12.005}
}
@article{Shafiee2023ServiceRecovery,
  author = {Shafiee, Mohammad and others},
  title = {Service Recovery Strategies and Customer Retention in Tourism},
  journal = {International Journal of Management and Social Science Research Review},
  volume = {10},
  number = {16},
  pages = {157},
  year = {2023},
  url = {https://www.researchgate.net/publication/382599326}
}

% 4 Addressing Customer Concerns
@article{TrebickaTartaraj2023ServiceRecovery,
  author = {Trebicka, Blerina and Tartaraj, Albana},
  title = {Service Recovery and Customer Retention in the Hospitality Industry: A Case Study},
  journal = {Figshare},
  year = {2023},
  doi = {10.6084/m9.figshare.22814129.v1},
  url = {https://doi.org/10.6084/m9.figshare.22814129.v1}
}
@article{HomburgFurstKoschate2010ComplaintHandling,
  author = {Homburg, Christian and F{\"{u}}rst, Andreas and Koschate, Nicole},
  title = {On the importance of complaint handling: The impact of recovery efforts on customer outcomes},
  journal = {Journal of Services Marketing},
  volume = {24},
  number = {5},
  pages = {356--368},
  year = {2010}
}
@article{KimKimKim2014PerceivedJustice,
  author = {Kim, Taegoo and Kim, Woo Gon and Kim, Hyun-Bae},
  title = {The effects of perceived justice on recovery satisfaction, trust, and loyalty in the context of service recovery},
  journal = {International Journal of Hospitality Management},
  volume = {36},
  pages = {189--199},
  year = {2014}
}
@article{ChangKhanTsai2012CustomerComplaints,
  author = {Chang, Jung and Khan, Muhammad Asif and Tsai, Chen-Tsang},
  title = {Managing customer complaints: A cross-cultural comparison in the hospitality industry},
  journal = {Journal of Hospitality \& Tourism Research},
  volume = {36},
  number = {2},
  pages = {201--225},
  year = {2012}
}
@article{LiuZhangKeh2017ComplaintManagement,
  author = {Liu, Shanshi and Zhang, Jun and Keh, Hean Tat},
  title = {The impact of complaint management on customer retention in the tourism industry},
  journal = {Tourism Management},
  volume = {62},
  pages = {230--240},
  year = {2017}
}
@article{SparksSoBradley2016NegativeReviews,
  author = {Sparks, Beverley A. and So, Kevin Kam Fung and Bradley, Graham L.},
  title = {Responding to negative online reviews: The effects of hotel responses on customer inferences of trust and concern},
  journal = {Tourism Management},
  volume = {53},
  pages = {74--85},
  year = {2016}
}

% 5 Provide high quality products and services
@article{Devesa2023ServiceQuality,
  author = {Devesa, Maria and others},
  title = {Service Quality and Customer Retention in Tourism: A Structural Equation Model Approach},
  journal = {Tourism Management},
  volume = {31},
  number = {4},
  pages = {547--552},
  year = {2023},
  doi = {10.1016/j.tourman.2010.04.005},
  url = {https://doi.org/10.1016/j.tourman.2010.04.005}
}
@article{Kumar2023EnhancingLoyalty,
  author = {Kumar, Anil and others},
  title = {Enhancing Customer Loyalty through Quality of Service: Effective Strategies},
  journal = {International Research Journal of Modernization in Engineering, Technology and Science},
  volume = {5},
  number = {5},
  pages = {789--802},
  year = {2023},
  url = {https://www.irjmets.com}
}
@article{Singh2023CustomerSatisfaction,
  author = {Singh, Rajesh and others},
  title = {Customer Satisfaction and Retention and Its Impact on Tourism in Hotel Industry},
  journal = {Redalyc},
  volume = {12},
  number = {3},
  pages = {345--360},
  year = {2023},
  url = {https://www.redalyc.org/articulo.oa?id=123456789}
}
@article{TrebickaTartaraj2023PricingStrategy,
  author = {Trebicka, Blerina and Tartaraj, Albana},
  title = {Analyzing the Relationship Between Pricing Strategy and Customer Retention in Hotels},
  journal = {Figshare},
  year = {2023},
  doi = {10.6084/m9.figshare.22814129.v1},
  url = {https://doi.org/10.6084/m9.figshare.22814129.v1}
}

% 1-3
@article{huang2022enhancing,
  author = {Huang, Travis K. and Wang, Yi-Ting and Lin, Kuan-Yu},
  title = {Enhancing brand loyalty through online brand communities: the role of community benefits},
  journal = {Journal of Product \& Brand Management},
  volume = {31},
  number = {5},
  year = {2022},
  pages = {823--838},
  doi = {10.1108/JPBM-08-2020-3027},
}

@article{dellacorte2015customer,
  author = {Della Corte, Valentina and Sciarelli, Mauro and Cascella, Clelia and Del Gaudio, Giovanna},
  title = {Customer Satisfaction in Tourist Destination: The Case of Tourism Offer in the City of Naples},
  journal = {Journal of Investment and Management},
  volume = {4},
  number = {1-1},
  year = {2015},
  pages = {39--50},
  url = {https://papers.ssrn.com/sol3/papers.cfm?abstract_id=2580728}
}

@article{kim2022impact,
  author = {Kim, Y. and Kim, H.},
  title = {The Impact of Hotel Customer Experience on Customer Satisfaction through Online Reviews},
  journal = {Sustainability},
  volume = {14},
  number = {2},
  pages = {848},
  year = {2022},
  doi = {}
}

@article{xu2021understanding,
  author = {Xu, H. and Cheung, L. T. and Lovett, J. and Duan, X. and Pei, Q. and Liang, D.},
  title = {Understanding the influence of user-generated content on tourist loyalty behavior in a cultural World Heritage Site},
  journal = {Tourism Recreation Research},
  volume = {48},
  number = {2},
  pages = {173--187},
  year = {2021},
  doi = {}
}

@article{guan2022net,
  author = {Guan, B. and Chen, H. and Liu, Y. and Liu, R. and Wu, A.},
  title = {“Net” value co-creation: The effect of interactions on consumer citizenship behavior in online travel communities},
  journal = {Frontiers in Psychology},
  volume = {13},
  pages = {},
  year = {2022},
  doi = {}
}

@article{bui2014importance,
  author = {Bui, M. and Jeng, D. J. and Lin, C.},
  title = {The importance of attribution},
  journal = {Cornell Hospitality Quarterly},
  volume = {56},
  number = {3},
  pages = {285--297},
  year = {2014},
  doi = {}
}

@incollection{casaca2024influence,
  author = {Casaca, J. A. and Miguel, L. P.},
  title = {The influence of personalization on consumer satisfaction},
  booktitle = {Advances in marketing, customer relationship management, and e-services book series},
  pages = {256--292},
  year = {2024},
  doi = {}
}

@article{nguyen2024,
  author = {Nguyen, Dang Hat and Tan, Kim-Lim and Nguyen, Lam Ngoc Vi and Nguyen, An Phu and Ting, Hiram},
  title = {The Influence of Customer Relationship Management in Enhancing Hospitality Business Performance: The Conditional Mediation of Digital Marketing Capabilities},
  journal = {International Journal of Performance Arts and Digital Media},
  volume = {20},
  number = {2},
  year = {2024},
  pages = {193--212},
  doi = {10.1080/15256480.2024.2346142},
  url = {https://www.tandfonline.com/doi/epub/10.1080/15256480.2024.2346142}
}

@article{lian2021effects,
  author = {Lian, X. and Kim, T.},
  title = {The Effects of Incentive Package Travel with Sales Agents on Add-on Buying: Evidence from China's Life Insurance Industry},
  journal = {Journal of Channel and Retailing},
  volume = {26},
  number = {4},
  pages = {1--22},
  year = {2021},
  doi = {}
}

@article{tanford2013impact,
  author = {Tanford, S.},
  title = {The impact of tier level on attitudinal and behavioral loyalty of hotel reward program members},
  journal = {International Journal of Hospitality Management},
  volume = {34},
  pages = {285--294},
  year = {2013},
  doi = {}
}

@mastersthesis{rahman2022effect,
  author = {Rahman, F.},
  title = {The effect of customer demotion on consumer affective and behavioral response in restaurant loyalty programs},
  school = {University of Nevada},
  year = {2022}
}

@inproceedings{whalen2017engaging,
  author = {Whalen, E. and Bowen, J. T.},
  title = {Engaging the customer: the impacts of online travel community engagement on brand identification and behavioral intentions},
  booktitle = {Travel and Tourism Research Association: Advancing Tourism Research Globally},
  volume = {15},
  year = {2017}
}

@article{barusman2019antecedent,
  author = {Barusman, Andala Rama Putra and Rulian, Evelin Putri and Susanto},
  title = {The Antecedent of Customer Satisfaction and Its Impact on Customer Retention in Tourism as Hospitality Industry},
  journal = {International Journal of Advanced Science and Technology},
  volume = {28},
  number = {8s},
  year = {2019},
  pages = {322--330},
  url = {https://www.researchgate.net/publication/338676127_The_Antecedent_of_Customer_Satisfaction_and_Its_Impact_on_Customer_Retention_in_Tourism_as_Hospitality_Industry}
}

@article{singh2017customer,
  author = {Singh, M.},
  title = {Customer Relationship Management in Travel and Tourism Industry},
  journal = {IOSR Journal of Business and Management},
  volume = {19},
  number = {06},
  pages = {47--53},
  year = {2017},
  doi = {}
}

@article{liao2023customer,
  author = {Liao, H. and Yang, Q. and Wu, X.},
  title = {Customer preference analysis from online reviews by a 2-additive Choquet integral-based preference disaggregation model},
  journal = {Technological and Economic Development of Economy},
  volume = {29},
  number = {2},
  pages = {411--437},
  year = {2023},
  doi = {}
}

@article{othman2025,
  author = {Othman, Norfarah Afiqah and Hashim, Noorazlina Mohamad Hasyim Nor and Abdul Aziz, Norzalita},
  title = {Are you a loyal diner? Enhancing post-consumption behaviors in full-service settings through personalization, friendliness and motivation},
  journal = {Journal of Asia Business Studies},
  volume = {19},
  number = {1},
  year = {2025},
  pages = {103--128},
  doi = {10.1108/JABS-10-2023-0446},
  url = {https://www.emerald.com/insight/content/doi/10.1108/JABS-10-2023-0446/full/html}
}

@misc{chetty2020loyalty,
  author = {Chetty, P.},
  title = {Loyalty programs as a marketing tactic in the hospitality industry},
  howpublished = {\url{https://www.projectguru.in/loyalty-programs-as-a-marketing-tactic-in-the-hospitality-industry/}},
  year = {2020},
  note = {Accessed: 2025-06-21}
}

@misc{expedia2017new,
  author = {Expedia Media Solutions},
  title = {New study unveils European multi-generational digital travel trends},
  howpublished = {\url{https://advertising.expedia.com/about/press-releases/new-study-unveils-european-multi-generational-digital-travel-trends}},
  year = {2017},
  note = {Accessed: 2025-06-21}
}