%  problem 1
@article{ahmadi2021,
  author = {Ahmadi, Arash and Fakhimi, Sohrab},
  title = {How consumers' personalities, lifestyles and demographics predict SVOD genre and SVOD platform consumption},
  journal = {Journal of Contemporary Marketing Science},
  volume = {4},
  number = {3},
  year = {2021},
  issn = {2516-7480},
  publisher = {Emerald Publishing Limited},
  note = {Article publication date: 3 December 2021; Issue publication date: 9 December 2021}
}
@article{chen2023,
  author = {Chen, Jiancu and Yang, Siyuan and Xiong, Jiang and Xiong, Yiping},
  title = {An effective emotion tendency perception model in empathic dialogue},
  journal = {PLOS ONE},
  year = {2023},
  volume = {18},
  number = {3},
  eid = {e0282926},
  doi = {10.1371/journal.pone.0282926},
  publisher = {Public Library of Science},
  note = {Published: March 10, 2023}
}
@article{nie2025,
    author = {Nie, Jingping and {Shao, Hanya (Vera)} and Fan, Yuang and Shao, Qijia and You, Haoxuan and Preindl, Matthias and Jiang, Xiaofan},
    title = {LLM based Conversational AI Therapist for Daily Functioning Screening and Psychotherapeutic Intervention via Everyday Smart Devices},
    year = {2025},
    publisher = {Association for Computing Machinery},
    address = {New York, NY, USA},
    journal = {ACM Trans. Comput. Healthcare},
    month = {jan},
    url = {https://doi.org/10.1145/3712299},
    doi = {10.1145/3712299}
}
@misc{salesforce2025,
  author = {{Salesforce}},
  title = {{AI Foundation Models in Customer 360}},
  year = {2025},
  howpublished = {\url{https://help.salesforce.com/s/articleView?id=sf.c360_a_ai_foundation_models.htm&language=en_US&type=5}},
  note = {Accessed: 2025-06-22}
}
@misc{xi2023rise,
    title={The Rise and Potential of Large Language Model Based Agents: A Survey}, 
    author={Zhiheng Xi and Wenxiang Chen and Xin Guo and Wei He and Yiwen Ding and Boyang Hong and Ming Zhang and Junzhe Wang and Senjie Jin and Enyu Zhou and Rui Zheng and Xiaoran Fan and Xiao Wang and Limao Xiong and Yuhao Zhou and Weiran Wang and Changhao Jiang and Yicheng Zou and Xiangyang Liu and Zhangyue Yin and Shihan Dou and Rongxiang Weng and Wensen Cheng and Qi Zhang and Wenjuan Qin and Yongyan Zheng and Xipeng Qiu and Xuanjing Huang and Tao Gui},
    year={2023},
    eprint={2309.07864},
    archivePrefix={arXiv},
    primaryClass={cs.AI},
    doi={10.48550/arXiv.2309.07864},
    url={https://arxiv.org/abs/2309.07864},
    note={86 pages, 12 figures, arXiv:2309.07864v3}
}

% 2
@misc{wei2024tourllm,
  title={TourLLM: Enhancing LLMs with Tourism Knowledge}, 
  author={Qikai Wei and Mingzhi Yang and Jinqiang Wang and Wenwei Mao and Jiabo Xu and Huansheng Ning},
  year={2024},
  eprint={2407.12791},
  archivePrefix={arXiv},
  primaryClass={cs.CL},
  url={https://arxiv.org/abs/2407.12791},
  note={Submitted 2 November 2024}
}
@article{Yildirim2023,
    author = {Yildirim, Erdem},
    year = {2023},
    month = {11},
    pages = {82-96},
    title = {Comparative Analysis Of Leonardo Ai, Midjourney, And Dall-E: Ai's Perspective On Future Cities},
    volume = {28},
    journal = {Urbanizm},
    doi = {10.58225/urbanizm.2023-28-82-96}
}
@article{raza2019progress,
  title={Progress in context-aware recommender systems â€” An overview},
  author={Raza, Shaina and Ding, Chen},
  journal={Computer Science Review},
  volume={31},
  pages={84--97},
  year={2019},
  publisher={Elsevier},
  doi={10.1016/j.cosrev.2019.01.001}
}
@misc{Badhan2024,
    Author = {Badhan Chandra Das and M. Hadi Amini and Yanzhao Wu},
    Title = {Security and Privacy Challenges of Large Language Models: A Survey},
    Year = {2024},
    Eprint = {arXiv:2402.00888}
}

% 3
@article{zaytsev2023phishforce,
  title={PhishForce-Salesforce Zero-Day Exploitation},
  author={Zaytsev, Oleg and Tal, Nati},
  journal={Threat Intelligence Report},
  year={2023},
  url={https://www.threatintelreport.com}
}

@article{wan2021blockchain,
  title={A Blockchain-Based Framework for Secure Identity Management in Cloud Environments},
  author={Wan, Zhiyuan and Li, Yan},
  journal={Journal of Cloud Computing},
  volume={10},
  number={1},
  pages={1--15},
  year={2021}
}

@article{liu2022decentralized,
  title={Decentralized Identity Authentication Using Blockchain and Verifiable Credentials},
  author={Liu, Yang and Zhang, Jun},
  journal={IEEE Transactions on Information Forensics and Security},
  volume={17},
  pages={1234--1245},
  year={2022}
}